@book{Holland1992Adaptation,
    abstract = {John Holland's {\_Adaptation} in Natural and Artificial Systems\_ is one of the
classics in the field of complex adaptive systems. Holland is known as the
father of genetic algorithms and classifier systems and in this tome he
describes the theory behind these algorithms. Drawing on ideas from the fields
of biology and economics, he shows how computer programs can evolve. The book
contains mathematical proofs that are accessible only to those with strong
backgrounds in engineering or science.},
    author = {Holland, John H.},
    citeulike-article-id = {125979},
    citeulike-linkout-0 = {http://www.amazon.ca/exec/obidos/redirect?tag=citeulike09-20&amp;path=ASIN/0262581116},
    citeulike-linkout-1 = {http://www.amazon.de/exec/obidos/redirect?tag=citeulike01-21&amp;path=ASIN/0262581116},
    citeulike-linkout-10 = {http://www.worldcat.org/oclc/803225327},
    citeulike-linkout-2 = {http://www.amazon.fr/exec/obidos/redirect?tag=citeulike06-21&amp;path=ASIN/0262581116},
    citeulike-linkout-3 = {http://www.amazon.jp/exec/obidos/ASIN/0262581116},
    citeulike-linkout-4 = {http://www.amazon.co.uk/exec/obidos/ASIN/0262581116/citeulike00-21},
    citeulike-linkout-5 = {http://www.amazon.com/exec/obidos/redirect?tag=citeulike07-20&path=ASIN/0262581116},
    citeulike-linkout-6 = {http://www.worldcat.org/isbn/0262581116},
    citeulike-linkout-7 = {http://books.google.com/books?vid=ISBN0262581116},
    citeulike-linkout-8 = {http://www.amazon.com/gp/search?keywords=0262581116&index=books&linkCode=qs},
    citeulike-linkout-9 = {http://www.librarything.com/isbn/0262581116},
    day = {29},
    howpublished = {Paperback},
    isbn = {0262581116},
    keywords = {sem6120},
    month = apr,
    posted-at = {2013-10-01 13:32:50},
    priority = {2},
    publisher = {MIT Press},
    title = {Adaptation in natural and artificial systems : an introductory analysis with applications to biology, control, and artificial intelligence},
    url = {http://www.worldcat.org/isbn/0262581116},
    year = {1992}
}

@electronic{Mitchell1996Introduction,
    author = {Mitchell, Melanie},
    citeulike-article-id = {12677232},
    citeulike-linkout-0 = {http://www.worldcat.org/isbn/9780585030944},
    citeulike-linkout-1 = {http://books.google.com/books?vid=ISBN9780585030944},
    citeulike-linkout-2 = {http://www.amazon.com/gp/search?keywords=9780585030944&index=books&linkCode=qs},
    citeulike-linkout-3 = {http://www.librarything.com/isbn/9780585030944},
    citeulike-linkout-4 = {http://www.worldcat.org/oclc/42854439},
    isbn = {9780585030944},
    keywords = {sem6120},
    posted-at = {2013-10-01 12:52:31},
    priority = {2},
    publisher = {MIT Press},
    title = {An introduction to genetic algorithms},
    url = {http://www.worldcat.org/isbn/9780585030944},
    year = {1996}
}

@book{Banzhaf1998Genetic,
    abstract = {This unique introduction to {GP} provides a detailed overview of the subject and its antecedents with extensive references to the published and online literature. In addition to explaining the fundamental theory and important algorithms, the text includes practical discussions covering a wealth of potential applications and real-world implementation techniques. Software professionals needing to understand and apply {GP} concepts will find this book an invaluable practical and theoretical guide.},
    author = {Banzhaf, Wolfgang},
    citeulike-article-id = {12677204},
    citeulike-linkout-0 = {http://www.worldcat.org/isbn/9781558605107},
    citeulike-linkout-1 = {http://books.google.com/books?vid=ISBN9781558605107},
    citeulike-linkout-2 = {http://www.amazon.com/gp/search?keywords=9781558605107&index=books&linkCode=qs},
    citeulike-linkout-3 = {http://www.librarything.com/isbn/9781558605107},
    citeulike-linkout-4 = {http://www.worldcat.org/oclc/38067741},
    isbn = {9781558605107},
    keywords = {sem6120},
    posted-at = {2013-10-01 12:43:37},
    priority = {2},
    publisher = {Morgan Kaufmann Publishers ; Dpunkt-verlag},
    title = {Genetic programming : an introduction on the automatic evolution of computer programs and its applications},
    url = {http://www.worldcat.org/isbn/9781558605107},
    year = {1998}
}

@article{Man1996Genetic,
    author = {Man, K. F. and Tang, K. S. and Kwong, S.},
    citeulike-article-id = {12677102},
    citeulike-linkout-0 = {http://dx.doi.org/10.1109/41.538609},
    citeulike-linkout-1 = {http://ieeexplore.ieee.org/xpls/abs_all.jsp?arnumber=538609},
    doi = {10.1109/41.538609},
    institution = {City Univ. of Hong Kong, Hong Kong},
    issn = {0278-0046},
    journal = {Industrial Electronics, IEEE Transactions on},
    keywords = {sem6120},
    month = oct,
    number = {5},
    pages = {519--534},
    posted-at = {2013-10-01 12:12:22},
    priority = {2},
    publisher = {IEEE},
    title = {Genetic algorithms: concepts and applications [in engineering design]},
    url = {http://dx.doi.org/10.1109/41.538609},
    volume = {43},
    year = {1996}
}

